@Book{Rybicka:Latex_pro_zacatecniky,
author = "Rybička, Jiří",
title = "{{\LaTeX}} pro začátečníky",
publisher = "Konvoj",
year = "2003",
edition = "3",
address = "Brno",
isbn = "80--7302--049--1",
}

@Book{Kottwitz:LaTeX_Begginers_Guide,
author = "Kottwitz, Stefan",
title = "{{\LaTeX}} Beginner's Guide",
publisher = "Packt Publishing",
year = "2011",
edition = "1",
address = "Birmingham",
isbn = "0--321--17385--6",
}

@BachelorThesis{Pysny:BiBTex,
author = "Pyšný, Radek",
title = "BIBTeX styl pro ČSN ISO 690 a ČSN ISO 690-2?",
school = "VUT FIT v Brně",
address = "Brno",
year = "2009",
}

@MasterThesis{Kyselak:Revizni_system_pro_LaTeX,
author = "Kyselák, Antonín",
title = "Revizní systém pro LaTeX",
school = "VUT FIT v Brně",
address = "Brno",
year = "2012",
}

@Misc{Latex_tutorials,
author = "Indian {{\TeX}} Users Group",
title = "{{\LaTeX}} Tutorials A Primer",
howpublished = "online",
revised = "Poslední změna 21. října 2006",
cited = "!2014-04-18",
url = "https://www.tug.org/twg/mactex/tutorials/ltxprimer-1.0.pdf",
}

@Misc{McPeak:What_the_heck_is_Latex?,
author = "McPeak, Scott",
title = "What the heck is Latex?",
howpublished = "online",
cited = "!2014-04-18",
url = "scottmcpeak.com/latex/whatislatex.html",
}

@Misc{CSTug:web,
author = "CsTug",
title = "Czechoslovak Tex User Group",
howpublished = "online",
revised = "Poslední změna 29. listopadu 2014",
cited = "!2014-04-18",
url = "http://www.cstug.cz/",
}

@Misc{Baseline,
editor = "Hans Dieter Reichert",
title = "Baseline",
issn = "0954--9226",
}

@Article{UU:Vector,
author = "Tibi, Daniel",
title = "Creating vector graphics with LaTeX and TikZ",
journal = "Ubuntu User",
year = "2014",
volume = "22",
issn = "2040-8080",
}

@Article{UU:Tables,
author = "Tibi, Daniel",
title = "Designing great tables using LaTeX",
journal = "Ubuntu User",
year = "2015",
volume = "24",
issn = "2040-8080",
}
